% This file was created with JabRef 2.5.
% Encoding: Cp1252

@MASTERSTHESIS{Perone2006,
  author = {Perone, Christian Samuel},
  title = {Algoritmo genético para alocação de carga horária. Trabalho de Conclusão
	de Curso (Graduação)},
  school = {Universidade de Passo Fundo. UPF},
  year = {2006},
  owner = {salviano},
  timestamp = {2010.03.03}
}

@comment{jabref-meta: selector_publisher:}

@comment{jabref-meta: selector_author:}

@comment{jabref-meta: selector_journal:}

@comment{jabref-meta: selector_keywords:}

